@article{andersson1,
  title={Optimal power flow of multiple energy carriers},
  author={Geidl, Martin and Andersson, G{\"o}ran},
  journal={Power Systems, IEEE Transactions on},
  volume={22},
  number={1},
  pages={145--155},
  year={2007},
  publisher={IEEE}
}


@article{rios,
title = "Optimization problems in natural gas transportation systems: A state-of-the-art review ",
journal = "Applied Energy ",
volume = "147",
pages = "536 - 555",
year = "2015",
issn = "0306-2619",
doi = "http://dx.doi.org/10.1016/j.apenergy.2015.03.017",
url = "http://www.sciencedirect.com/science/article/pii/S0306261915003013",
author = "R{\'\i}os-Mercado, Roger Z and Borraz-S{\'a}nchez, Conrado",
publisher={Elsevier}
}


@article{chaudry,
title = "Multi-time period combined gas and electricity network optimisation ",
journal = "Electric Power Systems Research ",
volume = "78",
number = "7",
pages = "1265 - 1279",
year = "2008",
note = "",
issn = "0378-7796",
doi = "http://dx.doi.org/10.1016/j.epsr.2007.11.002",
url = "http://www.sciencedirect.com/science/article/pii/S0378779607002222",
author={Chaudry, Modassar and Jenkins, Nick and Strbac, Goran},
keywords = "Gas and electricity network",
keywords = "Power systems",
keywords = "Interaction",
keywords = "Optimisation ",
}


@article{chaudry2,
title = "Impact of a large penetration of wind generation on the {GB} gas network ",
journal = "Energy Policy ",
volume = "38",
number = "10",
pages = "5684 - 5695",
year = "2010",
note = "The socio-economic transition towards a hydrogen economy - findings from European research, with regular papers ",
issn = "0301-4215",
doi = "http://dx.doi.org/10.1016/j.enpol.2010.05.016",
url = "http://www.sciencedirect.com/science/article/pii/S0301421510003873",
author={Qadrdan, Meysam and Chaudry, Modassar and Wu, Jianzhong and Jenkins, Nick and Ekanayake, Janaka},
keywords = "Combined cycle gas turbine (CCGT)",
keywords = "Gas network",
keywords = "Wind generation variability ",
}


@incollection{andersson2,
  title={Distributed predictive control for energy hub coordination in coupled electricity and gas networks},
  author={Arnold, Mich\`{e}le and Negenborn, Rudy R and Andersson, G\"{o}ran and De Schutter, Bart},
  booktitle={Intelligent Infrastructures},
  pages={235--273},
  year={2010},
  publisher={Springer}
}


@inproceedings{an,
  title={Natural gas and electricity optimal power flow},
  author={An, Seungwon and Li, Qing and Gedra, Thomas W},
  booktitle={Transmission and Distribution Conference and Exposition, 2003 IEEE PES},
  volume={1},
  pages={138--143},
  year={2003},
  organization={IEEE}
}

@article{ipopt,
author={W{\"a}chter, Andreas and Biegler, Lorenz T},
title = {On the
    Implementation of a Primal-Dual Interior Point Filter Line Search
    Algorithm for Large-Scale Nonlinear Programming},
journal = {Mathematical Programming},
volume = {106},
pages = {25-57},
year = 2006}

@inproceedings{pipsnlp,
  title={Structured nonconvex optimization of large-scale energy systems using {PIPS-NLP}},
  author={Chiang, Naiyuan and Petra, Cosmin G and Zavala, Victor M},
  booktitle={Proc. of the 18th Power Systems Computation Conference (PSCC), Wroclaw, Poland},
  year={2014}
}

@article{zavalalaird,
  title={Interior-point decomposition approaches for parallel solution of large-scale nonlinear parameter estimation problems},
  author={Zavala, Victor M and Laird, Carl D and Biegler, Lorenz T},
  journal={Chemical Engineering Science},
  volume={63},
  number={19},
  pages={4834--4845},
  year={2008},
  publisher={Elsevier}
}

@inproceedings{zavaladispatch,
  title={Computational and economic limitations of dispatch operations in the next-generation power grid},
  author={Zavala, Victor M and Botterud, Audun and Constantinescu, Emil and Wang, Jianhui},
  booktitle={Innovative Technologies for an Efficient and Reliable Electricity Supply (CITRES), 2010 IEEE Conference on},
  pages={401--406},
  year={2010},
  organization={IEEE}
}

@article{zavalastochgas,
  title={Stochastic optimal control model for natural gas networks},
  author={Zavala, Victor M},
  journal={Computers \& Chemical Engineering},
  volume={64},
  pages={103--113},
  year={2014},
  publisher={Elsevier}
}

@article{cong,
  title={Security-constrained unit commitment with natural gas transmission constraints},
  author={Liu, Cong and Shahidehpour, Mohammad and Fu, Yong and Li, Zuyi},
  journal={Power Systems, IEEE Transactions on},
  volume={24},
  number={3},
  pages={1523--1536},
  year={2009},
  publisher={IEEE}
}

@article{wang,
  title={Coordinated scheduling of electricity and natural gas infrastructures with a transient model for natural gas flow},
  author={Liu, Cong and Shahidehpour, Mohammad and Wang, Jianhui},
  journal={Chaos: An Interdisciplinary Journal of Nonlinear Science},
  volume={21},
  number={2},
  pages={025102},
  year={2011},
  publisher={AIP Publishing}
}

@article{ottmarkets,
  title={Experience with PJM market operation, system design, and implementation},
  author={Ott, Andrew L},
  journal={Power Systems, IEEE Transactions on},
  volume={18},
  number={2},
  pages={528--534},
  year={2003},
  publisher={IEEE}
}


@incollection{zavalapavia,
  title={Nonlinear programming strategies for state estimation and model predictive control},
  author={Zavala, Victor M and Biegler, Lorenz T},
  booktitle={Nonlinear model predictive control},
  pages={419--432},
  year={2009},
  publisher={Springer}
}

@misc{carter1,
  title={Method and apparatus for determining optimal control settings of a pipeline},
  author={Rachford Jr, Henry R and Carter, Richard G},
  year={2004},
  publisher={},
  note={US Patent 6,701,223}
}


@inproceedings{carter2,
  title={Pack Management and Transient Optimization of Natural Gas Transmission lines},
  author={Carter, Richard G and Dupont, Todd F and Rachford Jr, Henry H},
  booktitle={IGRC Conference, Vancouver},
  year={2004}
}

@article{steinbach,
  title={On {PDE} solution in transient optimization of gas networks},
  author={Steinbach, Marc C},
  journal={Journal of computational and applied mathematics},
  volume={203},
  number={2},
  pages={345--361},
  year={2007},
  publisher={Elsevier}
}

@article{forbes,
author = {Christopher Helman},
title = {Thanks to Fracking, Natural Gas Supplies (Barely) Withstand 'Polar Vortex' Assault},
volume = {\url{http://www.forbes.com/sites/christopherhelman/2014/01/08/thanks-to-fracking-natural-gas-supplies-barely-withstand-polar-vortex-assault/}},
year={2014}
}

@article{reuters,
author = {John Kemp},
title = {U.{S}. Power Grid Survived Polar Vortex, but Only Just},
volume = {\url{http://www.reuters.com/article/2014/10/03/us-usa-power-weather-kemp-idUSKCN0HQ4TB20141003}},
year={2014}
}


@inproceedings{carter3,
  title={Using Optimization in Transient Gas Transmission},
  author={Rachford Jr, Henry H and Carter, Richard G and Dupont, Todd F and others},
  booktitle={PSIG Annual Meeting},
  year={2009},
  organization={Pipeline Simulation Interest Group}
}

@article{mitreport,
author = {},
title = {Report from Growing Concerns, Possible Solutions: The Interdependency of Natural Gas and Electricity Systems},
journal = {MITEI Technical Report},
year={2013}
}

@article{osiadacz,
  title={Simulation of transient gas flows in networks},
  author={Osiadacz, Andrzej},
  journal={International Journal for Numerical Methods in Fluids},
  volume={4},
  number={1},
  pages={13--24},
  year={1984},
  publisher={Wiley Online Library}
}

@article{fercisone,
author = {},
title = {January 2014 {FERC} data request},
journal= {ISO New England Technical Report},
year={2014}
}

@article{fercmarket,
author = {Joseph Cavicchi},
title = {The Polar Vortex: Implications for Improving the Efficiency of Wholesale Electricity Spot Market Pricing},
journal = {EPSA Technical Report},
year={2014}
}

@article{ottreport,
author = {Paul Centolella and Andrew Ott},
title = {The Integration of Price Responsive Demand into {PJM} Wholesale Power Markets and System Operations},
journal= {HEPG Technical Report},
year={2009}
}

